%% This BibTeX bibliography file was created using BibDesk.
%% http://bibdesk.sourceforge.net/


%% Created for JOSEPH GARBINI at 2012-04-03 12:41:57 -0700 


%% Saved with string encoding Unicode (UTF-8) 



@book{Lamport1994,
	Author = {L. Lamport},
	Date-Added = {2012-04-03 19:39:58 +0000},
	Date-Modified = {2012-04-03 19:41:27 +0000},
	Edition = {2nd},
	Publisher = {Addison Wesley},
	Title = {\LaTeX: a document preparation system},
	Year = {1994}}

@article{PhysRev.104.563,
	Author = {Torrey, H. C.},
	Date-Added = {2012-04-03 18:42:35 +0000},
	Date-Modified = {2012-04-03 18:42:35 +0000},
	Doi = {10.1103/PhysRev.104.563},
	Journal = {Phys. Rev.},
	Month = {Nov},
	Number = {3},
	Numpages = {2},
	Pages = {563--565},
	Publisher = {American Physical Society},
	Title = {Bloch Equations with Diffusion Terms},
	Volume = {104},
	Year = {1956}}

@book{Bendat1971,
	Author = {Bendat, J.~S. and Piersol, A.~G.},
	Date-Added = {2011-03-18 15:51:15 -0700},
	Date-Modified = {2011-03-18 15:52:13 -0700},
	Publisher = {Wiley-Interscience},
	Title = {Random Data: Analysis and Measurement Procedures.},
	Year = {1971}}

@book{Oppenheim1975,
	Author = {Oppenheim, A.~V. and Schafer, R.~W.},
	Date-Added = {2011-03-18 15:47:19 -0700},
	Date-Modified = {2011-03-18 15:49:30 -0700},
	Publisher = {Prentice-Hall, Inc.},
	Title = {Digital Signal Processing.},
	Year = {1975}}

@book{Papoulis1965,
	Author = {A. Papoulis},
	Date-Added = {2011-03-18 15:15:12 -0700},
	Date-Modified = {2011-03-18 15:53:31 -0700},
	Publisher = {McGraw-Hill Book Company},
	Title = {Probability, Random Variables, and Stochastic Processes},
	Year = {1965}}
